@article{bellaypaper,
  title={Irregular spiking of pyramidal neurons organizes as scale-invariant neuronal avalanches in the awake state},
  author={Bellay, T. and Klaus, A. and Seshadri, S. and Plenz, D},
  journal={eLife},
  volume={},
  number={4:e07224},
  pages={},
  year={2015},
  publisher={elifesciences.org}
}

@article{exactsolution,
  title={Simplicity and efficiency of integrate-and-fire nueron models},
  author={Plesser, HE and Dismann, M},
  journal={Neural Comput},
  volume={21},
  number={},
  pages={353-359},
  year={2009},
  publisher={}
}

@article{objectworkingmemory,
  title={Effects of Neuromodulation in a Cortical Network Model of Object Working Memory Dominated by Recurrent Inhibition},
  author={Brunel, N. and Wang, X.},
  journal={Journal of Computational Neuroscience},
  volume={11},
  number={},
  pages={63-85},
  year={2001},
  publisher={Kluwer Academic Publishers}
}