@article{cianfroccoreview,
  title={Mechanism and Regulation of Cytoplasmic Dynein},
  author={Cianfrocco, Michael A. and DeSantis, Morgan E. and Leschziner, Andres E. and Reck-Peterson, Samara L.},
  journal={Annual Reviews of Cell and Developmental Biology},
  volume={31},
  number={Nov},
  pages={83-108},
  year={2015},
  publisher={Annual Reviews}
}

@misc{ATPenergy,
  title = {How much energy is released in ATP hydrolysis?},
  howpublished = {\url{http://book.bionumbers.org/how-much-energy-is-released-in-atp-hydrolysis/}},
  note = {Accessed: 2016-12-21}
}