@article{cianfroccoreview,
  title={Mechanism and Regulation of Cytoplasmic Dynein},
  author={Cianfrocco, Michael A. and DeSantis, Morgan E. and Leschziner, Andres E. and Reck-Peterson, Samara L.},
  journal={Annual Reviews of Cell and Developmental Biology},
  volume={31},
  number={Nov},
  pages={83-108},
  year={2015},
  publisher={Annual Reviews}
}

@article{dewitt2012cytoplasmic,
  title={Cytoplasmic dynein moves through uncoordinated stepping of the AAA+ ring domains},
  author={DeWitt, Mark A and Chang, Amy Y and Combs, Peter A and Yildiz, Ahmet},
  journal={Science},
  volume={335},
  number={6065},
  pages={221--225},
  year={2012},
  publisher={American Association for the Advancement of Science}
}

@article{fibroblastvolume,
  title={Relationship between cell replication and volume in senescent human diploid fibroblasts.},
  author={Mitsui Y, Schneider EL},
  journal={Mech Ageing Dev.},
  volume={5},
  number={1},
  pages={45-56},
  year={1976},
  publisher={American Association for the Advancement of Science}
}

@article{reck2006single,
  title={Single-molecule analysis of dynein processivity and stepping behavior},
  author={Reck-Peterson, Samara L and Yildiz, Ahmet and Carter, Andrew P and Gennerich, Arne and Zhang, Nan and Vale, Ronald D},
  journal={Cell},
  volume={126},
  number={2},
  pages={335--348},
  year={2006},
  publisher={Elsevier}
}

@article{weihongpaper,
  title={Dynein achieves processive motion using both stochastic and coordinated stepping},
  author={Qiu, Weihong and Derr, Nathan D. and Goodman, Brian S. and Villa, Elizabeth and Wu, David and Shih, William and Reck-Peterson, Samara L.},
  journal={Nat Struct Mol Biol.},
  volume={19},
  number={2},
  pages={193-200},
  year={2012},
  publisher={Nature}
}

@article{valetoolbox,
  title={The Molecular Motor Toolbox for Intracellular Transport},
  author={Vale, Ronald D.},
  journal={Cell},
  volume={112},
  number={4},
  pages={467-480},
  year={2003},
  publisher={Elsevier}
}

@article{neuroanatomy,
  title={Neuronal tracing},
  author={Oztas, Emin},
  journal={Neuroanatomy},
  volume={2},
  number={1},
  pages={2-5},
  year={2003},
  publisher={Neuroanatomy}
}

@article{redwineMTBDcomplex,
  title={Structural basis for microtubule binding and release by dynein},
  author={Redwine, W. B and Hernandez-Lopez, R. and Zou, S and Huang, J. and Reck-Peterson, S. L and Leschziner, A. E.},
  journal={Science},
  volume={337},
  number={6101},
  pages={1532-1536},
  year={2012},
  publisher={Science}
}

@article{FRETstatepaper,
  title={ATP hydrolysis cycle-dependent tail motions in cytoplasmic dynein},
  author={Kon, Takahide and Mogami, Toshifumi and Ohkura, Reiko and Nishiura, Masaya and Sutoh, Kazuo},
  journal={Nature Structure and Molecular Biology},
  volume={12},
  pages={513-519},
  year={2005},
  publisher={Nature}
}