@article{cianfroccoreview,
  title={Mechanism and Regulation of Cytoplasmic Dynein},
  author={Cianfrocco, Michael A. and DeSantis, Morgan E. and Leschziner, Andres E. and Reck-Peterson, Samara L.},
  journal={Annual Reviews of Cell and Developmental Biology},
  volume={31},
  number={Nov},
  pages={83-108},
  year={2015},
  publisher={Annual Reviews}
}

@article{dewitt2012cytoplasmic,
  title={Cytoplasmic dynein moves through uncoordinated stepping of the AAA+ ring domains},
  author={DeWitt, Mark A and Chang, Amy Y and Combs, Peter A and Yildiz, Ahmet},
  journal={Science},
  volume={335},
  number={6065},
  pages={221--225},
  year={2012},
  publisher={American Association for the Advancement of Science}
}

@article{fibroblastvolume,
  title={Relationship between cell replication and volume in senescent human diploid fibroblasts.},
  author={Mitsui Y, Schneider EL},
  journal={Mech Ageing Dev.},
  volume={5},
  number={1},
  pages={45-56},
  year={1976},
  publisher={American Association for the Advancement of Science}
}

@article{reck2006single,
  title={Single-molecule analysis of dynein processivity and stepping behavior},
  author={Reck-Peterson, Samara L and Yildiz, Ahmet and Carter, Andrew P and Gennerich, Arne and Zhang, Nan and Vale, Ronald D},
  journal={Cell},
  volume={126},
  number={2},
  pages={335--348},
  year={2006},
  publisher={Elsevier}
}