@ARTICLE{alfonso-prieto,
  author = {Alfonso-Prieto, M. and BiarneÃÅs, X. and Vidossich, P. and Rovira, C.},
  title = {The Molecular Mechanism of the Catalase Reaction},
  journal = {Journal of the American Chemical Society},
  year = {2009},
  volume = {131},
  pages = {11751-11761},
  number = {},
  doi = {10.1021/ja9018572},
}

@ARTICLE{chelikani,
  author = {Chelikani, P. and Carpena, X. and Fita, I. and Loewen, P.},
  title = {An Electrical Potential in the Access Channel of CatalasesEnhances Catalysis},
  journal = {The Journal of Biological Chemistry},
  year = {2003},
  volume = {278},
  pages = {31290-31296},
  number = {},
  doi = {10.1074/jbc.M304076200},
}

@ARTICLE{amorim,
  author = {Amorim, A. M. and Gasques, M. D. G and Andreaus, J. and Scharf, M.},
  title = {The  application  of  catalase  for  the  elimination  of  hydrogen  peroxideresidues  after  bleaching  of  cotton  fabrics},
  journal = {An Acad Bras Cienc},
  year = {2002},
  volume = {74},
  pages = {3},
  number = {},
}

@ARTICLE{bauer,
  author = {Georg Bauer},
  title = {Tumor Cell-protective Catalase as a Novel Target for Rational Therapeutic ApproachesBased on Specific Intercellular ROS Signaling},
  journal = {Anticancer Research},
  year = {2012},
  volume = {32},
  pages = {2599-2624},
  number = {},
}